@article{adams2003characterisation,
  title={Characterisation of heterogeneous arabinoxylans by direct imaging of individual molecules by atomic force microscopy},
  author={Adams, E. L. and Kroon, P. A. and Williamson, G. and Morris, V. J},
  journal={Carbohydrate Research},
  volume={338},
  number={8},
  pages={771--780},
  year={2003},
  publisher={Elsevier}
}

@article{andrewartha1979solution,
  title={Solution properties of wheat-flour arabinoxylans and enzymically modified arabinoxylans},
  author={Andrewartha, Kathryn A and Phillips, Don R and Stone, Bruce A},
  journal={Carbohydrate Research},
  volume={77},
  number={1},
  pages={191--204},
  year={1979},
  publisher={Elsevier}
}

@article{arambula2001physicochemical,
  title={Physicochemical, structural and textural properties of tortillas from extruded instant corn flour supplemented with various types of corn lipids},
  author={Arambula-Villa, G and Gonzalez-Hernandez, J and Ordorica-Falomir, CA},
  journal={Journal of cereal science},
  volume={33},
  number={3},
  pages={245--252},
  year={2001},
  publisher={Elsevier}
}

@article{azadi2013liquid,
  title={Liquid fuels, hydrogen and chemicals from lignin: A critical review},
  author={Azadi, Pooya and Inderwildi, Oliver R and Farnood, Ramin and King, David A},
  journal={Renewable and Sustainable Energy Reviews},
  volume={21},
  pages={506--523},
  year={2013},
  publisher={Elsevier}
}

@article{barron2008ftir,
  title={{FTIR} and {R}aman signatures of wheat grain peripheral tissues},
  author={Barron, C and Rouau, X},
  journal={Cereal chemistry},
  volume={85},
  number={5},
  pages={619--625},
  year={2008},
  publisher={AACC International}
}

@article{berlanga2009maize,
  title={Maize arabinoxylan gels as protein delivery matrices},
  author={Berlanga-Reyes, Claudia M and Carvajal-Mill{\'a}n, Elizabeth and Lizardi-Mendoza, Jaime and Rasc{\'o}n-Chu, Agustin and Marquez-Escalante, Jorge A and Mart{\'\i}nez-L{\'o}pez, Ana Luisa},
  journal={Molecules},
  volume={14},
  number={4},
  pages={1475--1482},
  year={2009},
  publisher={Molecular Diversity Preservation International}
}

