@gd{CoefHuggins,
word = {coeficiente de Huggins ($k_{H}$)},
definition = {Es un parámetro de la ecuación de Huggins~\citep{adams2003characterisation}.},
heading = {C}
}

@gd{EqHuggins,
word = {ecuaci{\'o}n de Huggins},
definition = {Relación empírica la viscosidad reducida ($\eta_{red}/c$), de una disolución diluida de un polímero en función de la concentración, matemáticamente se expresa: $\eta_{red}/c = [\eta] + k_{H}[\eta]^{2}c$. Donde [$\eta$] es la viscosidad intrínseca y $k_{H}$ es la constante de Huggins. Representado el primer miembro en función de la concentración, se puede calcular gráficamente $k_{H}$ y [$\eta$] a partir de la ordenada en el origen y la pendiente de la recta, respectivamente~\citep{berlanga2009maize}.},
heading = {E}
}

